<record><leader>00000cas a22000007a 4500</leader><controlfield tag="001">13429460</controlfield><controlfield tag="008">860414d189u1894wiuwr ne      0    0eng d</controlfield><datafield ind1=" " ind2=" " tag="010"><subfield code="a">sn 86086172 </subfield></datafield><datafield ind1=" " ind2=" " tag="040"><subfield code="a">NPV</subfield><subfield code="b">eng</subfield><subfield code="c">NPV</subfield><subfield code="d">OCLCQ</subfield></datafield><datafield ind1=" " ind2=" " tag="042"><subfield code="a">msc</subfield></datafield><datafield ind1=" " ind2=" " tag="045"><subfield code="a">w9w9</subfield></datafield><datafield ind1=" " ind2=" " tag="052"><subfield code="a">4123</subfield><subfield code="b">L2</subfield></datafield><datafield ind1="0" ind2="0" tag="245"><subfield code="a">La Crosse.</subfield></datafield><datafield ind1="1" ind2="3" tag="246"><subfield code="a">LaCrosse</subfield></datafield><datafield ind1=" " ind2=" " tag="260"><subfield code="a">LaCrosse, Wis. :</subfield><subfield code="b">LaCrosse Printing,</subfield><subfield code="c">-1894.</subfield></datafield><datafield ind1=" " ind2=" " tag="300"><subfield code="a">9 v.</subfield></datafield><datafield ind1=" " ind2=" " tag="310"><subfield code="a">Weekly</subfield></datafield><datafield ind1="0" ind2=" " tag="362"><subfield code="a">-v. 9, no. 4 (July 28, 1894).</subfield></datafield><datafield ind1=" " ind2=" " tag="500"><subfield code="a">Editors: C.H. Brown, &lt;Jan. 5, 1894&gt;-July 28, 1894.</subfield></datafield><datafield ind1=" " ind2=" " tag="530"><subfield code="a">Available on microfilm from The State Historical Society of Wisconsin.</subfield></datafield><datafield ind1=" " ind2=" " tag="588"><subfield code="a">Description based on: Vol. 8, no. 27 (Jan. 5, 1893[4]).</subfield></datafield><datafield ind1=" " ind2=" " tag="752"><subfield code="a">United States</subfield><subfield code="b">Wisconsin</subfield><subfield code="c">La Crosse</subfield><subfield code="d">La Crosse.</subfield></datafield><datafield ind1="0" ind2="0" tag="785"><subfield code="t">Crosse courier</subfield><subfield code="w">(DLC)sn 86086173</subfield></datafield></record>